<mx:record xmlns="http://www.w3.org/TR/xhtml1/strict" xmlns:mx="http://www.loc.gov/MARC21/slim" xmlns:xsi="http://www.w3.org/2001/XMLSchema-instance"><mx:leader>00000cz   2200000n  4500</mx:leader><mx:controlfield tag="001">oca01382490 </mx:controlfield><mx:controlfield tag="005">20050225052216.0</mx:controlfield><mx:controlfield tag="008">850731n| acannaabn          |a aaa      </mx:controlfield><mx:datafield ind1=" " ind2=" " tag="010"><mx:subfield code="a">n  85099826 </mx:subfield></mx:datafield><mx:datafield ind1=" " ind2=" " tag="040"><mx:subfield code="a">LU-ECT</mx:subfield><mx:subfield code="c">DLC</mx:subfield><mx:subfield code="d">ICU</mx:subfield><mx:subfield code="d">NNC</mx:subfield><mx:subfield code="d">InU</mx:subfield></mx:datafield><mx:datafield ind1="0" ind2=" " tag="100"><mx:subfield code="a">Baptista,</mx:subfield><mx:subfield code="c">Mantuanus,</mx:subfield><mx:subfield code="d">1448-1516</mx:subfield></mx:datafield><mx:datafield ind1="1" ind2=" " tag="400"><mx:subfield code="a">Mantuanus, Baptista,</mx:subfield><mx:subfield code="d">1448-1516</mx:subfield></mx:datafield><mx:datafield ind1="1" ind2=" " tag="400"><mx:subfield code="a">Spagnoli, Battista,</mx:subfield><mx:subfield code="d">1448-1516</mx:subfield></mx:datafield><mx:datafield ind1="1" ind2=" " tag="400"><mx:subfield code="a">Spagnoli, Giovan Battista,</mx:subfield><mx:subfield code="d">1448-1516</mx:subfield></mx:datafield><mx:datafield ind1="1" ind2=" " tag="400"><mx:subfield code="a">Spagnuoli, Baptista,</mx:subfield><mx:subfield code="d">1448-1516</mx:subfield></mx:datafield><mx:datafield ind1="1" ind2=" " tag="400"><mx:subfield code="a">Battista, Mantovano,</mx:subfield><mx:subfield code="d">1448-1516</mx:subfield></mx:datafield><mx:datafield ind1="1" ind2=" " tag="400"><mx:subfield code="a">Spanuolo, Baptista,</mx:subfield><mx:subfield code="d">1448-1516</mx:subfield></mx:datafield><mx:datafield ind1="0" ind2=" " tag="400"><mx:subfield code="a">Baptista Mantuanus,</mx:subfield><mx:subfield code="d">1448-1516</mx:subfield><mx:subfield code="w">nna</mx:subfield></mx:datafield><mx:datafield ind1="0" ind2=" " tag="400"><mx:subfield code="a">Batista,</mx:subfield><mx:subfield code="c">Mantovano,</mx:subfield><mx:subfield code="d">1448-1516</mx:subfield></mx:datafield><mx:datafield ind1="0" ind2=" " tag="400"><mx:subfield code="a">Iohannes Baptista Spagnoli Mantuanus,</mx:subfield><mx:subfield code="d">1448-1516</mx:subfield></mx:datafield><mx:datafield ind1="0" ind2=" " tag="400"><mx:subfield code="a">Johannes Baptista Spagnoli Mantuanus,</mx:subfield><mx:subfield code="d">1448-1516</mx:subfield></mx:datafield><mx:datafield ind1="0" ind2=" " tag="400"><mx:subfield code="a">Baptist,</mx:subfield><mx:subfield code="c">of Mantua,</mx:subfield><mx:subfield code="d">1448-1516</mx:subfield></mx:datafield><mx:datafield ind1="1" ind2=" " tag="400"><mx:subfield code="a">Spagnoli, Baptist,</mx:subfield><mx:subfield code="d">1448-1516</mx:subfield></mx:datafield><mx:datafield ind1="1" ind2=" " tag="400"><mx:subfield code="a">Spagnuolo, John Baptist,</mx:subfield><mx:subfield code="d">1448-1516</mx:subfield></mx:datafield><mx:datafield ind1="1" ind2=" " tag="400"><mx:subfield code="a">Spagnoli, Baptista,</mx:subfield><mx:subfield code="d">1448-1516</mx:subfield></mx:datafield><mx:datafield ind1="1" ind2=" " tag="400"><mx:subfield code="a">Spagnolo, Baptista,</mx:subfield><mx:subfield code="d">1448-1516</mx:subfield></mx:datafield><mx:datafield ind1="1" ind2=" " tag="400"><mx:subfield code="a">Spagnuoli, Baptista,</mx:subfield><mx:subfield code="d">1448-1516</mx:subfield></mx:datafield><mx:datafield ind1="1" ind2=" " tag="400"><mx:subfield code="a">Spanuoli, Baptista,</mx:subfield><mx:subfield code="d">1448-1516</mx:subfield></mx:datafield><mx:datafield ind1="1" ind2=" " tag="400"><mx:subfield code="a">Spagnoli, Battista,</mx:subfield><mx:subfield code="d">1448-1516</mx:subfield></mx:datafield><mx:datafield ind1="1" ind2=" " tag="400"><mx:subfield code="a">Spagnuoli, Battista,</mx:subfield><mx:subfield code="d">1448-1516</mx:subfield></mx:datafield><mx:datafield ind1="0" ind2=" " tag="400"><mx:subfield code="a">Giovanni Baptista,</mx:subfield><mx:subfield code="c">Mantuanus,</mx:subfield><mx:subfield code="d">1448-1516</mx:subfield></mx:datafield><mx:datafield ind1="0" ind2=" " tag="400"><mx:subfield code="a">Mantuan,</mx:subfield><mx:subfield code="d">1448-1516</mx:subfield></mx:datafield><mx:datafield ind1="0" ind2=" " tag="400"><mx:subfield code="a">Mantuanus,</mx:subfield><mx:subfield code="d">1448-1516</mx:subfield></mx:datafield><mx:datafield ind1="0" ind2=" " tag="400"><mx:subfield code="a">Mantuanus Baptista,</mx:subfield><mx:subfield code="d">1448-1516</mx:subfield></mx:datafield><mx:datafield ind1=" " ind2=" " tag="670"><mx:subfield code="a">His Baptistae Mantuani carmelitae adolescentia, 1707.</mx:subfield></mx:datafield><mx:datafield ind1=" " ind2=" " tag="670"><mx:subfield code="a">LC in RLIN, 3/27/85</mx:subfield><mx:subfield code="b">(hdg.: Baptista Mantuanus, 1448-1516)</mx:subfield></mx:datafield><mx:datafield ind1=" " ind2=" " tag="670"><mx:subfield code="a">Diz. biog. degli ital.</mx:subfield><mx:subfield code="b">(Spagnoli, Battista)</mx:subfield></mx:datafield><mx:datafield ind1=" " ind2=" " tag="670"><mx:subfield code="a">New century Ital. Renaissance encyclopedia, 1972</mx:subfield><mx:subfield code="b">(Spagnoli, Giovan Battista)</mx:subfield></mx:datafield><mx:datafield ind1=" " ind2=" " tag="670"><mx:subfield code="a">BM</mx:subfield><mx:subfield code="b">(Spagnuoli, Baptista, Mantuanus)</mx:subfield></mx:datafield><mx:datafield ind1=" " ind2=" " tag="670"><mx:subfield code="a">New century Ital. Renaissance encyclopedia, 1972:</mx:subfield><mx:subfield code="b">p. 890 (called Battista Mantovano)</mx:subfield></mx:datafield><mx:datafield ind1=" " ind2=" " tag="670"><mx:subfield code="a">Delaney, J. J. Dict. of Catholic biog., 1961</mx:subfield><mx:subfield code="b">(Spanuolo, Bl. Baptista)</mx:subfield></mx:datafield><mx:datafield ind1=" " ind2=" " tag="670"><mx:subfield code="a">Faerno, G. Le cento favole, 1736:</mx:subfield><mx:subfield code="b">t.p. (Batista Mantovano)</mx:subfield></mx:datafield><mx:datafield ind1=" " ind2=" " tag="670"><mx:subfield code="a">Parthenice secunda sine Catharinaria ('Costich's aggressi pugnam'), 1994:</mx:subfield><mx:subfield code="b">CLCLT-2, user's guide (Iohannes Baptista Spagnoli Mantuanus)</mx:subfield></mx:datafield><mx:datafield ind1=" " ind2=" " tag="670"><mx:subfield code="a">New Cath. encyc., 2003</mx:subfield><mx:subfield code="b">(Baptist of Mantua (Spagnoli), Bl.; also called John Baptist Spagnuolo; Carmelite administrator and humanist; b. Mantua 17 Apr. 1447, d. Mantua 20 Mar. 1516)</mx:subfield></mx:datafield><mx:datafield ind1=" " ind2=" " tag="670"><mx:subfield code="a">Carmelite saints WWW Home page, 22 Feb. 2005</mx:subfield><mx:subfield code="b">(Blessed Baptist Spagnoli of Mantua, 1447-1516; also known as Baptista Mantuanus, Baptista Spagnoli, Baptista Spagnolo, Baptista Spagnuoli Mantuanus, Baptista Spanuoli Mantuanus, Baptistae Mantuani, Battista Spagnoli, Battista Spagnuoli, Giovanni Baptista Mantuanus, Johannes Baptista Mantuanus, Mantuan, Mantuanus, Mantuanus Baptista)</mx:subfield></mx:datafield><mx:datafield ind1=" " ind2=" " tag="999"><mx:subfield code="a">331</mx:subfield></mx:datafield></mx:record>